<?xml version="1.0" encoding="UTF-8"?><collection xmlns="http://www.loc.gov/MARC21/slim"><record><leader>00346nam--2200133-i-4500</leader><controlfield tag="001">000046543</controlfield><controlfield tag="002">20161230</controlfield><controlfield tag="005">20161230201046</controlfield><controlfield tag="008">060222s1000------------r-----000-0-eng-d</controlfield><datafield ind1=" " ind2=" " tag="080"><subfield code="a">553,983(043)</subfield></datafield><datafield ind1=" " ind2=" " tag="100"><subfield code="a">Villey,Michel</subfield></datafield><datafield ind1=" " ind2=" " tag="245"><subfield code="a">Simulation thermique de l`evolution des kerogenes. these</subfield></datafield><datafield ind1=" " ind2=" " tag="260"><subfield code="a">Orleans, Univ.,1979. 260 P</subfield></datafield><datafield ind1=" " ind2=" " tag="852"><subfield code="a">49682</subfield></datafield></record></collection>